<record xmlns="http://www.loc.gov/MARC21/slim" xmlns:xsi="http://www.w3.org/2001/XMLSchema-instance" xsi:schemaLocation="http://www.loc.gov/MARC21/slim http://www.loc.gov/standards/marcxml/schema/MARC21slim.xsd"><leader>00000nam a22006014i 4500</leader><controlfield tag="001">9789511335474</controlfield><controlfield tag="003">FI-BTJ</controlfield><controlfield tag="005">20190401050129.6</controlfield><controlfield tag="008">190401t20192019fi ||||       |0| f|fin|c</controlfield><datafield ind1=" " ind2=" " tag="020"><subfield code="a">9789511335474</subfield><subfield code="q">kovakantinen</subfield></datafield><datafield ind1=" " ind2=" " tag="040"><subfield code="a">FI-BTJ</subfield><subfield code="b">fin</subfield><subfield code="e">rda</subfield><subfield code="d">FI-NL</subfield></datafield><datafield ind1="1" ind2=" " tag="041"><subfield code="a">fin</subfield><subfield code="h">eng</subfield></datafield><datafield ind1=" " ind2=" " tag="080"><subfield code="a">820</subfield><subfield code="x">-3</subfield><subfield code="2">1974/fin/fennica</subfield></datafield><datafield ind1="9" ind2=" " tag="084"><subfield code="a">Historia</subfield><subfield code="2">ykl</subfield></datafield><datafield ind1=" " ind2=" " tag="084"><subfield code="a">84.2</subfield><subfield code="2">ykl</subfield></datafield><datafield ind1=" " ind2=" " tag="091"><subfield code="a">89</subfield></datafield><datafield ind1=" " ind2=" " tag="092"><subfield code="a">84.2</subfield></datafield><datafield ind1=" " ind2=" " tag="093"><subfield code="a">84.2</subfield></datafield><datafield ind1=" " ind2=" " tag="094"><subfield code="a">84.2</subfield></datafield><datafield ind1=" " ind2=" " tag="095"><subfield code="a">1.4</subfield></datafield><datafield ind1=" " ind2=" " tag="097"><subfield code="a">84.2</subfield></datafield><datafield ind1="1" ind2=" " tag="100"><subfield code="a">Morton, Kate,</subfield><subfield code="e">kirjoittaja.</subfield></datafield><datafield ind1="1" ind2="4" tag="240"><subfield code="a">The clockmaker's daughter,</subfield><subfield code="l">suomi</subfield></datafield><datafield ind1="1" ind2="0" tag="245"><subfield code="a">Kellontekij&#228;n tyt&#228;r /</subfield><subfield code="c">Kate Morton ; suomentaneet Hilkka Pekkanen ja Tuukka Pekkanen.</subfield></datafield><datafield ind1=" " ind2="1" tag="264"><subfield code="a">Helsingiss&#228; :</subfield><subfield code="b">Kustannusosakeyhti&#246; Otava,</subfield><subfield code="c">[2019]</subfield></datafield><datafield ind1=" " ind2="3" tag="264"><subfield code="b">Otava Kirjapaino</subfield></datafield><datafield ind1=" " ind2="4" tag="264"><subfield code="c">&#169;2019</subfield></datafield><datafield ind1=" " ind2=" " tag="300"><subfield code="a">556 sivua ;</subfield><subfield code="c">22 cm</subfield></datafield><datafield ind1=" " ind2=" " tag="336"><subfield code="a">teksti</subfield><subfield code="b">txt</subfield><subfield code="2">rdacontent</subfield></datafield><datafield ind1=" " ind2=" " tag="337"><subfield code="a">k&#228;ytett&#228;viss&#228; ilman laitetta</subfield><subfield code="b">n</subfield><subfield code="2">rdamedia</subfield></datafield><datafield ind1=" " ind2=" " tag="338"><subfield code="a">nide</subfield><subfield code="b">nc</subfield><subfield code="2">rdacarrier</subfield></datafield><datafield ind1="0" ind2="4" tag="600"><subfield code="a">Lily</subfield><subfield code="c">(fiktiivinen hahmo)</subfield></datafield><datafield ind1="1" ind2="4" tag="600"><subfield code="a">Winslow, Elodie</subfield><subfield code="c">(fiktiivinen hahmo)</subfield></datafield><datafield ind1=" " ind2="7" tag="648"><subfield code="a">1800-luku</subfield><subfield code="2">kaunokki</subfield></datafield><datafield ind1=" " ind2="7" tag="648"><subfield code="a">1900-luku</subfield><subfield code="2">kaunokki</subfield></datafield><datafield ind1=" " ind2="7" tag="648"><subfield code="a">2010-luku</subfield><subfield code="2">kaunokki</subfield></datafield><datafield ind1=" " ind2="7" tag="650"><subfield code="a">perhesalaisuudet</subfield><subfield code="2">kauno/fin</subfield><subfield code="0">http://www.yso.fi/onto/kauno/p959</subfield></datafield><datafield ind1=" " ind2="7" tag="650"><subfield code="a">mysteerit</subfield><subfield code="2">kauno/fin</subfield><subfield code="0">http://www.yso.fi/onto/kauno/p6221</subfield></datafield><datafield ind1=" " ind2="7" tag="650"><subfield code="a">valokuvat</subfield><subfield code="2">kauno/fin</subfield><subfield code="0">http://www.yso.fi/onto/yso/p2699</subfield></datafield><datafield ind1=" " ind2="7" tag="650"><subfield code="a">kummittelu</subfield><subfield code="2">kauno/fin</subfield><subfield code="0">http://www.yso.fi/onto/kauno/p3920</subfield></datafield><datafield ind1=" " ind2="7" tag="650"><subfield code="a">henget</subfield><subfield code="2">kauno/fin</subfield><subfield code="0">http://www.yso.fi/onto/kauno/p5316</subfield></datafield><datafield ind1=" " ind2="7" tag="650"><subfield code="a">tyt&#246;t</subfield><subfield code="2">kauno/fin</subfield><subfield code="0">http://www.yso.fi/onto/kauno/p2409</subfield></datafield><datafield ind1=" " ind2="7" tag="650"><subfield code="a">taiteilijat</subfield><subfield code="2">kauno/fin</subfield><subfield code="0">http://www.yso.fi/onto/kauno/p4608</subfield></datafield><datafield ind1=" " ind2="7" tag="650"><subfield code="a">muusat</subfield><subfield code="2">kauno/fin</subfield><subfield code="0">http://www.yso.fi/onto/kauno/p3157</subfield></datafield><datafield ind1=" " ind2="7" tag="650"><subfield code="a">kartanot</subfield><subfield code="2">kauno/fin</subfield><subfield code="0">http://www.yso.fi/onto/kauno/p1068</subfield></datafield><datafield ind1=" " ind2="7" tag="650"><subfield code="a">Birchwood</subfield><subfield code="2">kaunokki</subfield></datafield><datafield ind1=" " ind2="7" tag="650"><subfield code="a">n&#228;k&#246;kulmatekniikka</subfield><subfield code="2">kauno/fin</subfield><subfield code="0">http://www.yso.fi/onto/kauno/p6315</subfield></datafield><datafield ind1=" " ind2="7" tag="650"><subfield code="a">aikatasot</subfield><subfield code="2">kauno/fin</subfield><subfield code="0">http://www.yso.fi/onto/kauno/p5820</subfield></datafield><datafield ind1=" " ind2="7" tag="651"><subfield code="a">Englanti</subfield><subfield code="2">kaunokki</subfield></datafield><datafield ind1=" " ind2="7" tag="655"><subfield code="a">historialliset romaanit</subfield><subfield code="2">slm/fin</subfield><subfield code="0">http://urn.fi/URN:NBN:fi:au:slm:s445</subfield></datafield><datafield ind1=" " ind2="7" tag="655"><subfield code="a">kartanoromaanit</subfield><subfield code="2">slm/fin</subfield><subfield code="0">http://urn.fi/URN:NBN:fi:au:slm:s672</subfield></datafield><datafield ind1=" " ind2="7" tag="655"><subfield code="a">romaanit</subfield><subfield code="2">slm/fin</subfield><subfield code="0">http://urn.fi/URN:NBN:fi:au:slm:s518</subfield></datafield><datafield ind1=" " ind2="7" tag="655"><subfield code="a">kaunokirjallisuus</subfield><subfield code="2">slm/fin</subfield><subfield code="0">http://urn.fi/URN:NBN:fi:au:slm:s975</subfield></datafield><datafield ind1=" " ind2="7" tag="655"><subfield code="a">englanninkielinen kirjallisuus</subfield><subfield code="2">local</subfield></datafield><datafield ind1=" " ind2="7" tag="655"><subfield code="a">k&#228;&#228;nn&#246;kset</subfield><subfield code="2">slm/fin</subfield><subfield code="0">http://urn.fi/URN:NBN:fi:au:slm:s1044</subfield></datafield><datafield ind1="1" ind2=" " tag="700"><subfield code="a">Pekkanen, Hilkka,</subfield><subfield code="e">k&#228;&#228;nt&#228;j&#228;.</subfield></datafield><datafield ind1="1" ind2=" " tag="700"><subfield code="a">Pekkanen, Tuukka,</subfield><subfield code="e">k&#228;&#228;nt&#228;j&#228;.</subfield></datafield><datafield ind1="2" ind2=" " tag="710"><subfield code="a">Otava, kustannusosakeyhti&#246;,</subfield><subfield code="e">kustantaja.</subfield><subfield code="0">(FI-ASTERI-N)000039084</subfield></datafield><datafield ind1="0" ind2="8" tag="776"><subfield code="i">Verkkoaineisto:</subfield><subfield code="z">9789511336792</subfield></datafield><datafield ind1=" " ind2=" " tag="852"><subfield code="x">Helsingin luokanmuutos 28.4.2026</subfield></datafield></record>